

@misc{riscv:bitmanip:repo,
  title        = {RISC-V Bit manipulation extension repository},
  url          = {https://github.com/riscv/riscv-bitmanip}
}

@misc{riscv:bitmanip:draft,
  title        = {RISC-V Bit manipulation extension draft proposal},
  url          = {https://github.com/riscv/riscv-bitmanip/blob/master/bitmanip-draft.pdf}
}

@techreport{MPP:19,
  author       = {B. Marshall and D. Page and T. Pham},
  title        = {{XCrypto}: a cryptographic {ISE} for {RISC-V}},
  number       = {1.0.0},
  year         = {2019},
  url          = {https://github.com/scarv/xcrypto}
}

@inproceedings{TGMGD:19,
 author = {Etienne Tehrani and Tarik Graba and Abdelmalek Si Merabet and Sylvain Guilley and Jean-Luc Danger},
 title         = {Classification of Lightweight Block Ciphers for Specific Processor Accelerated Implementations},
 year          = {2019},
 month         = {11},
 booktitle     = {26th IEEE International Conference on Electronics Circuits and Systems}
}

